@inproceedings{nguyen2013word,
  title={Word level language identification in online multilingual communication},
  author={Nguyen, Dong-Phuong and Dogruoz, A Seza},
  year={2013},
  organization={Association for Computational Linguistics}
}

@inproceedings{lui2012langid,
  title={langid. py: An off-the-shelf language identification tool},
  author={Lui, Marco and Baldwin, Timothy},
  booktitle={Proceedings of the {ACL} 2012 system demonstrations},
  pages={25--30},
  year={2012},
  organization={Association for Computational Linguistics}
}


@misc{mccandless2010accuracy,
  title={Accuracy and performance of {G}oogle’s compact language detector. blog post},
  author={McCandless, Michael},
  year={2010}
}

@inproceedings{brown2013selecting,
  title={Selecting and weighting n-grams to identify 1100 languages},
  author={Brown, Ralf D},
  booktitle={International Conference on Text, Speech and Dialogue},
  pages={475--483},
  year={2013},
  organization={Springer}
}

@inproceedings{majlivs2012yet,
  title={Yet another language identifier},
  author={Majli{\v{s}}, Martin},
  booktitle={Proceedings of the {Student Research Workshop} at the 13th {Conference of the European Chapter} of the {Association for Computational Linguistics}},
  pages={46--54},
  year={2012},
  organization={Association for Computational Linguistics}
}

@article{cavnar1994n,
  title={N-gram-based text categorization},
  author={Cavnar, William B and Trenkle, John M and others},
  journal={Ann Arbor MI},
  volume={48113},
  number={2},
  pages={161--175},
  year={1994},
  publisher={Citeseer}
}

@inproceedings{goldszmidt2013boot,
  title={Boot-strapping language identifiers for short colloquial postings},
  author={Goldszmidt, Moises and Najork, Marc and Paparizos, Stelios},
  booktitle={Joint European Conference on Machine Learning and Knowledge Discovery in Databases},
  pages={95--111},
  year={2013},
  organization={Springer}
}

@inproceedings{nguyen2013word,
  title={Word level language identification in online multilingual communication},
  author={Nguyen, Dong-Phuong and Dogruoz, A Seza},
  year={2013},
  organization={Association for Computational Linguistics}
}

@inproceedings{maharjan2015developing,
  title={Developing Language-tagged Corpora for Code-switching Tweets},
  author={Maharjan, Suraj and Blair, Elizabeth and Bethard, Steven and Solorio, Thamar},
  booktitle={The 9th Linguistic {Annotation Workshop} held in conjunction with {NAACL} 2015},
  pages={72},
  year={2015}
}

@book{lewis2009ethnologue,
  title={Ethnologue: Languages of the world},
  author={Lewis, M Paul and Simons, Gary F and Fennig, Charles D},
  volume={16},
  year={2009},
  publisher={SIL international Dallas, TX}
}

@inproceedings{vrl2014accurate,
  title={Accurate language identification of {T}witter messages},
  author={Marco Lui and Timothy Baldwin},
  booktitle={Proceedings of the 5th Workshop on {Language Analysis for Social Media (LASM) @ EACL}},
  pages={17--25},
  year={2014}
}

@inproceedings{bergsma2012language,
  title={Language identification for creating language-specific twitter collections},
  author={Bergsma, Shane and McNamee, Paul and Bagdouri, Mossaab and Fink, Clayton and Wilson, Theresa},
  booktitle={Proceedings of the second workshop on language in social media},
  pages={65--74},
  year={2012},
  organization={Association for Computational Linguistics}
}

@inproceedings{lui2011cross,
  title={Cross-domain feature selection for language identification},
  author={Lui, Marco and Baldwin, Timothy},
  booktitle={In Proceedings of 5th International Joint Conference on Natural Language Processing},
  year={2011},
  organization={Citeseer}
}

@inproceedings{vrl2010multilingual,
  title={Multilingual language identification: Altw 2010 shared task dataset},
  author={Timothy Baldwin and Marco Lui},
  booktitle={Australasian Language Technology Association Workshop 2010},
  pages={4},
  year={2010}
}

%VarDial 2017 Report

@InProceedings{vardial2017report,
  author    = {Zampieri, Marcos and Malmasi, Shervin  and  Ljube\v{s}i\'{c}, Nikola  and  Nakov, Preslav  and  Ali, Ahmed  and  Tiedemann, J\"{o}rg and Scherrer, Yves and Aepli, No\"{e}mi},
  title     = {{Findings of the VarDial Evaluation Campaign 2017}},
  booktitle = {Proceedings of the Fourth Workshop on NLP for Similar Languages, Varieties and Dialects (VarDial)},
  year      = {2017},
  address   = {Valencia, Spain}
}


%ADI Dataset

@inproceedings{Ali+2016,
author={Ahmed Ali and Najim Dehak and Patrick Cardinal and Sameer Khurana and Sree Harsha Yella and James Glass and Peter Bell and Steve Renals},
title={{Automatic Dialect Detection in Arabic Broadcast Speech}},
year=2016,
booktitle={Proceedings of Interspeech},
doi={10.21437/Interspeech.2016-1297},
url={http://dx.doi.org/10.21437/Interspeech.2016-1297},
pages={2934--2938}
}

%DSL Dataset

@inProceedings{tan:2014:BUCC,
  author={Tan, Liling and Zampieri, Marcos and Ljube{\v{s}}ic, Nikola and Tiedemann, J{\"o}rg},
  title={Merging Comparable Data Sources for the Discrimination of Similar Languages: The DSL Corpus Collection},  
  booktitle={Proceedings of the 7th Workshop on Building and Using Comparable Corpora (BUCC)},
  address={Reykjavik, Iceland},
  pages={11--15},
  year={2014}
}

%GDI Dataset

@inproceedings{samardzic2016archimob,
  title={{ArchiMob--A corpus of spoken Swiss German}},
  author={Samardzic, Tanja and Scherrer, Yves and Glaser, Elvira},
  booktitle={Proceedings of the Language Resources and Evaluation (LREC)},
  address={Portoroz, Slovenia)},
  year={2016},
  pages={4061--4066}
}

%CLP Dataset

@inproceedings{nivre2016universal,
  title={Universal dependencies v1: A multilingual treebank collection},
  author={Nivre, Joakim and de Marneffe, Marie-Catherine and Ginter, Filip and Goldberg, Yoav and Hajic, Jan and Manning, Christopher D and McDonald, Ryan and Petrov, Slav and Pyysalo, Sampo and Silveira, Natalia and others},
  booktitle={Proceedings of Language Resources and Evaluation (LREC)},
  pages={1659--1666},
  address={Portoroz, Slovenia},
  year={2016}
}

%DSL 2016 Papers

%2016 Report

@InProceedings{dsl2016,
  author    = {Malmasi, Shervin and Zampieri, Marcos  and  Ljube\v{s}i\'{c}, Nikola and Nakov, Preslav and Ali, Ahmed and Tiedemann, J\"{o}rg},
  title     = {Discriminating between Similar Languages and Arabic Dialect
Identification: A Report on the Third DSL Shared Task},
  booktitle = {Proceedings of the 3rd Workshop on Language Technology for Closely Related Languages, Varieties and Dialects (VarDial)},
  address   = {Osaka, Japan},  
  year      = {2016}
}

%2016 System Papers

@InProceedings{gamallo-EtAl:2016:VarDial3,
  author    = {Gamallo, Pablo  and  Alegria, I\~{n}aki  and  Pichel, Jos\'{e} Ramom  and  Agirrezabal, Manex},
  title     = {{Comparing Two Basic Methods for Discriminating Between Similar Languages and Varieties}},
  booktitle = {Proceedings of the Third Workshop on NLP for Similar Languages, Varieties and Dialects (VarDial3)},
  year      = {2016},
  address   = {Osaka, Japan},
  pages     = {170--177}
}

@InProceedings{malmasi-zampieri:2016:VarDial3,
  author    = {Malmasi, Shervin  and  Zampieri, Marcos},
  title     = {{Arabic Dialect Identification in Speech Transcripts}},
  booktitle = {Proceedings of the Third Workshop on NLP for Similar Languages, Varieties and Dialects (VarDial3)},
  year      = {2016},
  address   = {Osaka, Japan},
  pages     = {106--113}
}

@InProceedings{goutte-leger:2016:VarDial3,
  author    = {Goutte, Cyril  and  L\'{e}ger, Serge},
  title     = {{Advances in Ngram-based Discrimination of Similar Languages}},
  booktitle = {Proceedings of the Third Workshop on NLP for Similar Languages, Varieties and Dialects (VarDial3)},
  year      = {2016},
  address   = {Osaka, Japan},
  pages     = {178--184}
}

@InProceedings{herman-EtAl:2016:VarDial3,
  author    = {Herman, Ond\v{r}ej  and  Suchomel, Vit  and  Baisa, V\'{i}t  and  Rychl\'{y}, Pavel},
  title     = {{DSL Shared Task 2016: Perfect Is The Enemy of Good Language Discrimination Through Expectation--Maximization and Chunk-based Language Model}},
  booktitle = {Proceedings of the Third Workshop on NLP for Similar Languages, Varieties and Dialects (VarDial3)},
  year      = {2016},
  address   = {Osaka, Japan},
  pages     = {114--118}
}

@InProceedings{guggilla:2016:VarDial3,
  author    = {Guggilla, Chinnappa},
  title     = {{Discrimination between Similar Languages, Varieties and Dialects using CNN- and LSTM-based Deep Neural Networks}},
  booktitle = {Proceedings of the Third Workshop on NLP for Similar Languages, Varieties and Dialects (VarDial3)},
  year      = {2016},
  address   = {Osaka, Japan},
  pages     = {185--194}
}

@InProceedings{mcnamee:2016:VarDial3,
  author    = {McNamee, Paul},
  title     = {{Language and Dialect Discrimination Using Compression-Inspired Language Models}},
  booktitle = {Proceedings of the Third Workshop on NLP for Similar Languages, Varieties and Dialects (VarDial3)},
  year      = {2016},
  address   = {Osaka, Japan},
  pages     = {195--203}
}

@InProceedings{barbaresi:2016:VarDial3,
  author    = {Barbaresi, Adrien},
  title     = {{An Unsupervised Morphological Criterion for Discriminating Similar Languages}},
  booktitle = {Proceedings of the Third Workshop on NLP for Similar Languages, Varieties and Dialects (VarDial3)},
  year      = {2016},
  address   = {Osaka, Japan},
  pages     = {212--220}
}

@InProceedings{eldesouki-EtAl:2016:VarDial3,
  author    = {Eldesouki, Mohamed  and  Dalvi, Fahim  and  Sajjad, Hassan  and  Darwish, Kareem},
  title     = {{QCRI $@$ DSL 2016: Spoken Arabic Dialect Identification Using Textual Features}},
  booktitle = {Proceedings of the Third Workshop on NLP for Similar Languages, Varieties and Dialects (VarDial3)},
  year      = {2016},
  address   = {Osaka, Japan},
  pages     = {221--226}
}

@InProceedings{francopenya-mamanisanchez:2016:VarDial3,
  author    = {Franco-Penya, Hector-Hugo  and  Mamani Sanchez, Liliana},
  title     = {{Tuning Bayes Baseline for Dialect Detection}},
  booktitle = {Proceedings of the Third Workshop on NLP for Similar Languages, Varieties and Dialects (VarDial3)},
  year      = {2016},
  address   = {Osaka, Japan},
  pages     = {227--234}
}
@InProceedings{nisioi-ciobanu-dinu:2016:VarDial3,
  author    = {Nisioi, Sergiu  and  Ciobanu, Alina Maria  and  Dinu, Liviu P.},
  title     = {{Vanilla Classifiers for Distinguishing between Similar Languages}},
  booktitle = {Proceedings of the Third Workshop on NLP for Similar Languages, Varieties and Dialects (VarDial3)},
  year      = {2016},
  address   = {Osaka, Japan},
  pages     = {235--242}
}

@InProceedings{cianflone-kosseim:2016:VarDial3,
  author    = {Cianflone, Andre  and  Kosseim, Leila},
  title     = {{N-gram and Neural Language Models for Discriminating Similar Languages}},
  booktitle = {Proceedings of the Third Workshop on NLP for Similar Languages, Varieties and Dialects (VarDial3)},
  year      = {2016},
  address   = {Osaka, Japan},
  pages     = {243--250}
}

@InProceedings{alshutayri-EtAl:2016:VarDial3,
  author    = {Alshutayri, Areej  and  Atwell, Eric  and  Alosaimy, Abdulrahman  and  Dickins, James  and  Ingleby, Michael  and  Watson, Janet},
  title     = {{Arabic Language WEKA-Based Dialect Classifier for Arabic Automatic Speech Recognition Transcripts}},
  booktitle = {Proceedings of the Third Workshop on NLP for Similar Languages, Varieties and Dialects (VarDial3)},
  year      = {2016},
  address   = {Osaka, Japan},
  pages     = {204--211}
}

@InProceedings{ccoltekin-rama:2016:VarDial3,
  author    = {\c{C}\"{o}ltekin, \c{C}a\u{g}ri  and  Rama, Taraka},
  title     = {{Discriminating Similar Languages with Linear SVMs and Neural Networks}},
  booktitle = {Proceedings of the Third Workshop on NLP for Similar Languages, Varieties and Dialects (VarDial3)},
  year      = {2016},
  address   = {Osaka, Japan},
  pages     = {15--24}
}

@InProceedings{bjerva:2016:VarDial3,
  author    = {Bjerva, Johannes},
  title     = {{Byte-based Language Identification with Deep Convolutional Networks}},
  booktitle = {Proceedings of the Third Workshop on NLP for Similar Languages, Varieties and Dialects (VarDial3)},
  year      = {2016},
  address   = {Osaka, Japan},
  pages     = {119--125}
}

@InProceedings{zirikly-desmet-diab:2016:VarDial3,
  author    = {Zirikly, Ayah  and  Desmet, Bart  and  Diab, Mona},
  title     = {{The GW/LT3 VarDial 2016 Shared Task System for Dialects and Similar Languages Detection}},
  booktitle = {Proceedings of the Third Workshop on NLP for Similar Languages, Varieties and Dialects (VarDial3)},
  year      = {2016},
  address   = {Osaka, Japan},
  pages     = {33--41}
}

@InProceedings{jauhiainen-linden-jauhiainen:2016:VarDial3,
  author    = {Jauhiainen, Tommi  and  Lind\'{e}n, Krister  and  Jauhiainen, Heidi},
  title     = {{HeLI, a Word-Based Backoff Method for Language Identification}},
  booktitle = {Proceedings of the Third Workshop on NLP for Similar Languages, Varieties and Dialects (VarDial3)},
  year      = {2016},
  address   = {Osaka, Japan},
  pages     = {153--162}
}

@InProceedings{hanani-qaroush-taylor:2016:VarDial3,
  author    = {Hanani, Abualsoud  and  Qaroush, Aziz  and  Taylor, Stephen},
  title     = {{Classifying ASR Transcriptions According to Arabic Dialect}},
  booktitle = {Proceedings of the Third Workshop on NLP for Similar Languages, Varieties and Dialects (VarDial3)},
  year      = {2016},
  address   = {Osaka, Japan},
  pages     = {126--134}
}

@InProceedings{ionescu-popescu:2016:VarDial3,
  author    = {Ionescu, Radu Tudor  and  Popescu, Marius},
  title     = {{UnibucKernel: An Approach for Arabic Dialect Identification Based on Multiple String Kernels}},
  booktitle = {Proceedings of the Third Workshop on NLP for Similar Languages, Varieties and Dialects (VarDial3)},
  year      = {2016},
  address   = {Osaka, Japan},
  pages     = {135--144}
}

@InProceedings{belinkov-glass:2016:VarDial3,
  author    = {Belinkov, Yonatan  and  Glass, James},
  title     = {{A Character-level Convolutional Neural Network for Distinguishing Similar Languages and Dialects}},
  booktitle = {Proceedings of the Third Workshop on NLP for Similar Languages, Varieties and Dialects (VarDial3)},
  year      = {2016},
  address   = {Osaka, Japan},
  pages     = {145--152}
}

@InProceedings{adouane-semmar-johansson:2016:VarDial32,
  author    = {Adouane, Wafia  and  Semmar, Nasredine  and  Johansson, Richard},
  title     = {{ASIREM Participation at the Discriminating Similar Languages Shared Task 2016}},
  booktitle = {Proceedings of the Third Workshop on NLP for Similar Languages, Varieties and Dialects (VarDial3)},
  year      = {2016},
  address   = {Osaka, Japan},
  pages     = {163--169}
}

%DSL 2015 Papers

%2015 Report

@InProceedings{zampieri:2015:LT4VarDial,
  author    = {Zampieri, Marcos  and  Tan, Liling  and  Ljube\v{s}i\'{c}, Nikola  and  Tiedemann, J\"{o}rg and Nakov, Preslav},
  title     = {Overview of the DSL Shared Task 2015},
  booktitle = {Proceedings of the Joint Workshop on Language Technology for Closely Related Languages, Varieties and Dialects (LT4VarDial)},
  address   = {Hissar, Bulgaria},  
  pages		= {1--9},
  year      = {2015}
}

%2015 System Papers

@InProceedings{francosalvador-rosso-rangel:2015:LT4VarDial,
  author    = {Franco-Salvador, Marc  and  Rosso, Paolo  and  Rangel, Francisco},
  title     = {Distributed Representations of Words and Documents for Discriminating Similar Languages},
  booktitle = {Proceedings of the Joint Workshop on Language Technology for Closely Related Languages, Varieties and Dialects (LT4VarDial)},
  address   = {Hissar, Bulgaria},
  pages     = {11--16},
  year      = {2015}
}

@InProceedings{malmasi-dras:2015:LT4VarDial,
  author    = {Malmasi, Shervin  and  Dras, Mark},
  title     = {Language Identification using Classifier Ensembles},
  booktitle = {Proceedings of the Joint Workshop on Language Technology for Closely Related Languages, Varieties and Dialects (LT4VarDial)},
  address   = {Hissar, Bulgaria},
  pages     = {35--43},
  year      = {2015}
}

@InProceedings{jauhiainen-jauhiainen-linden:2015:LT4VarDial,
  author    = {Jauhiainen, Tommi  and  Jauhiainen, Heidi  and  Lind\'{e}n, Krister},
  title     = {Discriminating Similar Languages with Token-Based Backoff},
  booktitle = {Proceedings of the Joint Workshop on Language Technology for Closely Related Languages, Varieties and Dialects (LT4VarDial)},
  year      = {2015},
  address   = {Hissar, Bulgaria},
  pages     = {44--51},
  year      = {2015}
}

@InProceedings{fabraboluda-rangel-rosso:2015:LT4VarDial,
  author    = {Fabra Boluda, Ra\"{u}l  and  Rangel, Francisco  and  Rosso, Paolo},
  title     = {NLEL UPV Autoritas Participation at Discrimination between Similar Languages (DSL) 2015 Shared Task},
  booktitle = {Proceedings of the Joint Workshop on Language Technology for Closely Related Languages, Varieties and Dialects (LT4VarDial)},
  address   = {Hissar, Bulgaria},
  pages     = {52--58},
  year      = {2015}
}

@InProceedings{bobicev:2015:LT4VarDial,
  author    = {Bobicev, Victoria},
  title     = {Discriminating between Similar Languages Using PPM},
  booktitle = {Proceedings of the Joint Workshop on Language Technology for Closely Related Languages, Varieties and Dialects (LT4VarDial)},
  address   = {Hissar, Bulgaria},
  pages     = {59--65},
  year      = {2015}
}

@InProceedings{zampieri-EtAl:2015:LT4VarDial2,
  author    = {Zampieri, Marcos  and  Gebre, Binyam Gebrekidan  and  Costa, Hernani  and  van Genabith, Josef},
  title     = {Comparing Approaches to the Identification of Similar Languages},
  booktitle = {Proceedings of the Joint Workshop on Language Technology for Closely Related Languages, Varieties and Dialects (LT4VarDial)},
  address   = {Hissar, Bulgaria},
  pages     = {66--72},
  year      = {2015}
}

@InProceedings{acs-gradgyenge-rodriguesderezendeoliveira:2015:LT4VarDial,
  author    = {\'{A}cs, Judit  and  Grad-Gyenge, L\'{a}szl\'{o}  and  Rodrigues de Rezende Oliveira, Thiago Bruno},
  title     = {A Two-level Classifier for Discriminating Similar Languages},
  booktitle = {Proceedings of the Joint Workshop on Language Technology for Closely Related Languages, Varieties and Dialects (LT4VarDial)},
  address   = {Hissar, Bulgaria},
  pages     = {73--77},
  year      = {2015}
}

@InProceedings{goutte-leger:2015:LT4VarDial,
  author    = {Goutte, Cyril  and  Leger, Serge},
  title     = {Experiments in Discriminating Similar Languages},
  booktitle = {Proceedings of the Joint Workshop on Language Technology for Closely Related Languages, Varieties and Dialects (LT4VarDial)},
  address   = {Hissar, Bulgaria},
  pages     = {78--84},
  year      = {2015}
}

%DSL 2014 Papers

%2014 Report

@InProceedings{zampieri:2014:VarDial,
  author    = {Zampieri, Marcos  and  Tan, Liling  and  Ljube\v{s}i\'{c}, Nikola  and  Tiedemann, J\"{o}rg},
  title     = {A Report on the DSL Shared Task 2014},
  booktitle = {Proceedings of the First Workshop on Applying NLP Tools to Similar Languages, Varieties and Dialects (VarDial)},
  year      = {2014},
  address   = {Dublin, Ireland},
  pages     = {58--67}
}

%2014 System Papers

@InProceedings{porta-sancho:2014:VarDial,
  author    = {Porta, Jordi  and  Sancho, Jos\'{e}-Luis},
  title     = {Using Maximum Entropy Models to Discriminate between Similar Languages and Varieties},
  booktitle = {Proceedings of the First Workshop on Applying NLP Tools to Similar Languages, Varieties and Dialects (VarDial)},
  year      = {2014},
  address   = {Dublin, Ireland},
  pages     = {120--128}
}

@InProceedings{lui:2014:VarDial,
  author    = {Lui, Marco  and  Letcher, Ned  and  Adams, Oliver  and  Duong, Long  and  Cook, Paul  and  Baldwin, Timothy},
  title     = {Exploring Methods and Resources for Discriminating Similar Languages},
  booktitle = {Proceedings of the First Workshop on Applying NLP Tools to Similar Languages, Varieties and Dialects (VarDial)},
  year      = {2014},
  address   = {Dublin, Ireland},
  pages     = {129--138}
}

@InProceedings{goutte-leger-carpuat:2014:VarDial,
  author    = {Goutte, Cyril  and  L\'{e}ger, Serge  and  Carpuat, Marine},
  title     = {The NRC System for Discriminating Similar Languages},
  booktitle = {Proceedings of the First Workshop on Applying NLP Tools to Similar Languages, Varieties and Dialects (VarDial)},
  year      = {2014},
  address   = {Dublin, Ireland},
  pages     = {139--145}
}

@InProceedings{king-radev-abney:2014:VarDial,
  author    = {King, Ben  and  Radev, Dragomir  and  Abney, Steven},
  title     = {Experiments in Sentence Language Identification with Groups of Similar Languages},
  booktitle = {Proceedings of the First Workshop on Applying NLP Tools to Similar Languages, Varieties and Dialects (VarDial)},
  year      = {2014},
  address   = {Dublin, Ireland},
  pages     = {146--154}
}

@InProceedings{purver:2014:VarDial,
  author    = {Purver, Matthew},
  title     = {A Simple Baseline for Discriminating Similar Languages},
  booktitle = {Proceedings of the First Workshop on Applying NLP Tools to Similar Languages, Varieties and Dialects (VarDial)},
  year      = {2014},
  address   = {Dublin, Ireland},
  pages     = {155--160}
}

% Misc papers

@InProceedings{dslrec:2016,
  title={{Discriminating Similar Languages: Evaluations and Explorations}},
  author={Goutte, Cyril and L{\'e}ger,Serge and Malmasi, Shervin and Zampieri, Marcos},
  booktitle={Proceedings of the Language Resources and Evaluation (LREC)},
  address={Portoroz, Slovenia},
  year={2016},
  pages={1800--1807}
}

@InProceedings{malmasi-et-al:2015:adi,
  author    = {Malmasi, Shervin and Refaee, Eshrag and Dras, Mark},
  title     = {{Arabic Dialect Identification using a Parallel Multidialectal Corpus}},
  booktitle = {Proceedings of the 14th Conference of the Pacific Association for Computational Linguistics (PACLING 2015)},
  pages     = {209--217},
  month     = {May},
  year      = {2015},
  address   = {Bali, Indonesia},
}


%additional

@inproceedings{lui2012langid,
  title={langid. py: An off-the-shelf language identification tool},
  author={Lui, Marco and Baldwin, Timothy},
  booktitle={Proceedings of the {ACL} 2012 system demonstrations},
  pages={25--30},
  year={2012},
  organization={Association for Computational Linguistics}
}

@article{cavnar1994n,
  title={N-gram-based text categorization},
  author={Cavnar, William B and Trenkle, John M and others},
  journal={Ann Arbor MI},
  volume={48113},
  number={2},
  pages={161--175},
  year={1994},
  publisher={Citeseer}
}

@inproceedings{brown2013selecting,
  title={Selecting and weighting n-grams to identify 1100 languages},
  author={Brown, Ralf D},
  booktitle={International Conference on Text, Speech and Dialogue},
  pages={475--483},
  year={2013},
  organization={Springer}
}

@book{dunning1994statistical,
  title={Statistical identification of language},
  author={Dunning, Ted},
  year={1994},
  publisher={Computing Research Laboratory, New Mexico State University}
}

@inproceedings{tian2003scalable,
  title={Scalable neural network based language identification from written text},
  author={Tian, Jilei and Suontausta, Janne},
  booktitle={Acoustics, Speech, and Signal Processing, 2003. Proceedings.(ICASSP'03). 2003 IEEE International Conference on},
  volume={1},
  pages={I--48},
  year={2003},
  organization={IEEE}
}

@article{takcci2012minimal,
  title={Minimal feature set in language identification and finding suitable classification method with it},
  author={Tak{\c{c}}i, Hidayet and Ekinci, Ekin},
  journal={Procedia Technology},
  volume={1},
  pages={444--448},
  year={2012},
  publisher={Elsevier}
}

@inproceedings{simoes2014language,
  title={Language identification: a neural network approach},
  author={Sim{\~o}es, Alberto and Almeida, Jos{\'e} Jo{\~a}o and Byers, Simon D},
  booktitle={OASIcs-OpenAccess Series in Informatics},
  volume={38},
  year={2014},
  organization={Schloss Dagstuhl-Leibniz-Zentrum fuer Informatik}
}

@inproceedings{zampieri2012automatic,
  title={Automatic identification of language varieties: The case of Portuguese},
  author={Zampieri, Marcos and Gebre, Binyam Gebrekidan},
  booktitle={KONVENS2012-The 11th Conference on Natural Language Processing},
  pages={233--237},
  year={2012},
  organization={{\"O}sterreichischen Gesellschaft f{\"u}r Artificial Intelligende ({\"O}GAI)}
}

@inproceedings{goldszmidt2013boot,
  title={Boot-strapping language identifiers for short colloquial postings},
  author={Goldszmidt, Moises and Najork, Marc and Paparizos, Stelios},
  booktitle={Joint European Conference on Machine Learning and Knowledge Discovery in Databases},
  pages={95--111},
  year={2013},
  organization={Springer}
}

@inproceedings{milne2012study,
  title={A study in language identification},
  author={Milne, Rachel Mary and O'Keefe, Richard A and Trotman, Andrew},
  booktitle={Proceedings of the Seventeenth Australasian Document Computing Symposium},
  pages={88--95},
  year={2012},
  organization={ACM}
}

@inproceedings{vogel2012robust,
  title={Robust language identification in short, noisy texts: Improvements to liga},
  author={Vogel, John and Tresner-Kirsch, David},
  booktitle={Proceedings of the Third International Workshop on Mining Ubiquitous and Social Environments (MUSE 2012)},
  pages={43--50},
  year={2012}
}

@article{kocmi2017lanidenn,
  title={LanideNN: Multilingual Language Identification on Character Window},
  author={Kocmi, Tom and Bojar, Ond{\v{r}}ej},
  journal={arXiv preprint arXiv:1701.03338},
  year={2017}
}

@inproceedings{carter2011semi,
  title={Semi-supervised priors for microblog language identification},
  author={Carter, Simon and Tsagkias, Manos and Weerkamp, Wouter},
  booktitle={Proceedings of the 11th Dutch-Belgian Information Retrieval Workshop (DIR 2011)},
  pages={12--15},
  year={2011}
}

@inproceedings{ng2011improving,
  title={Improving language identification of web page using optimum profile},
  author={Ng, Choon-Ching and Selamat, Ali},
  booktitle={International Conference on Software Engineering and Computer Systems},
  pages={157--166},
  year={2011},
  organization={Springer}
}

@article{ljubesic2015discriminating,
  title={Discriminating between closely related languages on twitter},
  author={Ljubesic, Nikola and Kranjcic, Denis},
  journal={Informatica},
  volume={39},
  number={1},
  pages={1},
  year={2015},
  publisher={Slovenian Society Informatika/Slovensko drustvo Informatika}
}

@inproceedings{maier2014language,
  title={Language variety identification in Spanish tweets},
  author={Maier, Wolfgang and G{\'o}mez-Rodr{\i}guez, Carlos},
  booktitle={Proceedings of the EMNLP’2014 Workshop on Language Technology for Closely Related Languages and Language Variants},
  pages={25--35},
  year={2014}
}

@inproceedings{lui2013classifying,
  title={Classifying English documents by national dialect},
  author={Lui, Marco and Cook, Paul},
  booktitle={Proceedings of the Australasian Language Technology Association Workshop},
  pages={5--15},
  year={2013},
  organization={Citeseer}
}

@InProceedings{tiedemann-ljubesic:2012:COLING,
  author    = {Tiedemann, Jörg  and  Ljube\v{s}i\'{c}, Nikola},
  title     = {Efficient Discrimination Between Closely Related Languages},
  booktitle = {Proceedings of COLING 2012},
  month     = {December},
  year      = {2012},
  address   = {Mumbai, India},
  publisher = {The COLING 2012 Organizing Committee},
  pages     = {2619--2634},
  url       = {http://www.aclweb.org/anthology/C12-1160}
}

@article{scikit-learn,
 title={Scikit-learn: Machine Learning in {P}ython},
 author={Pedregosa, Fabian  and Varoquaux, Ga{\"{e}}l and Gramfort, Alexandre  and Michel, Vincent
         and Thirion, Bertrand and Grisel, Olivier and Blondel, Mathieu and Prettenhofer, Peter
         and Weiss, Ron and Dubourg, Vincent and VanderPlas, Jake and Passos, Alexandre and
         Cournapeau, David and Brucher, Matthieu and Perrot, Matthieu and Duchesnay, Edouard},
 journal={Journal of Machine Learning Research},
 volume={12},
 pages={2825--2830},
 year={2011}
}


@article{зайдельмантехнология,
  title={Технология поиска и сбора в Интернете текстов на малых языках России},
  author={Зайдельман, ЛЯ and Крылова, ИВ and Орехов, БВ}
}


@inproceedings{clif,
title={{Developing Morphologically Annotated Corpora for Minority Languages of Russia}},
author={Timofey Arkhangelshiy and Maria Medvedeva},
pages={1--6},
booktitle={Proceedings of Corpus Linguistics Fest 2016},
series={CEUR},
year=2016
}
%NEURAL APPROACHES

