@inproceedings{sapkota2015not,
  title={Not All Character N-grams Are Created Equal: A Study in Authorship Attribution.},
  author={Sapkota, Upendra and Bethard, Steven and Montes-y-G{\'o}mez, Manuel and Solorio, Thamar},
  booktitle={HLT-NAACL},
  pages={93--102},
  year={2015}
}

@article{zhu2017deep,
  title={Deep Hybrid Similarity Learning for Person Re-identification},
  author={Zhu, Jianqing and Zeng, Huanqiang and Liao, Shengcai and Lei, Zhen and Cai, Canhui and Zheng, LiXin},
  journal={arXiv preprint arXiv:1702.04858},
  year={2017}
}

@inproceedings{hoffer2015deep,
  title={Deep metric learning using triplet network},
  author={Hoffer, Elad and Ailon, Nir},
  booktitle={International Workshop on Similarity-Based Pattern Recognition},
  pages={84--92},
  year={2015},
  organization={Springer}
}

@inproceedings{baraldi2015deep,
  title={A deep siamese network for scene detection in broadcast videos},
  author={Baraldi, Lorenzo and Grana, Costantino and Cucchiara, Rita},
  booktitle={Proceedings of the 23rd ACM international conference on Multimedia},
  pages={1199--1202},
  year={2015},
  organization={ACM}
}

@article{hosseini2015similarity,
  title={Similarity-based Text Recognition by Deeply Supervised Siamese Network},
  author={Hosseini-Asl, Ehsan and Guha, Angshuman},
  journal={arXiv preprint arXiv:1511.04397},
  year={2015}
}

@article{neculoiu2016learning,
  title={Learning Text Similarity with Siamese Recurrent Networks},
  author={Neculoiu, Paul and Versteegh, Maarten and Rotaru, Mihai and Amsterdam, Textkernel BV},
  journal={ACL 2016},
  pages={148},
  year={2016}
}

@article{somers2003authorship,
  title={Authorship attribution and pastiche},
  author={Somers, Harold and Tweedie, Fiona},
  journal={Computers and the Humanities},
  volume={37},
  number={4},
  pages={407--429},
  year={2003},
  publisher={Springer}
}

@article{bromley1993signature,
  title={Signature Verification Using A "Siamese" Time Delay Neural Network},
  author={Bromley, Jane and Bentz, James W. and Bottou, L{\'e}on and Guyon, Isabelle and LeCun, Yann and Moore, Cliff and S{\"a}ckinger, Eduard and Shah, Roopak},
  journal={IJPRAI},
  volume={7},
  number={4},
  pages={669--688},
  year={1993}
}

@article{yin2015abcnn,
  title={Abcnn: Attention-based convolutional neural network for modeling sentence pairs},
  author={Yin, Wenpeng and Sch{\"u}tze, Hinrich and Xiang, Bing and Zhou, Bowen},
  journal={arXiv preprint arXiv:1512.05193},
  year={2015}
}

@article{weissenborn2016neural,
  title={Neural associative memory for dual-sequence modeling},
  author={Weissenborn, Dirk},
  journal={arXiv preprint arXiv:1606.03864},
  year={2016}
}

@inproceedings{kestemont2014function,
  title={Function words in authorship attribution from black magic to theory?},
  author={Kestemont, Mike},
  booktitle={Proceedings of the 3rd Workshop on Computational Linguistics for Literature (CLfL)@ EACL},
  pages={59--66},
  year={2014}
}

@article{lalor2017improving,
    title={Improving Machine Learning Ability with Fine-Tuning},
    author={Lalor, John and Wu, Hao and Yu, Hong},
    journal={arXiv preprint arXiv:1702.08563},
    year={2017}
}

@article{kabbara2016stylistic,
  title={Stylistic Transfer in Natural Language Generation Systems Using Recurrent Neural Networks},
  author={Kabbara, Jad and Cheung, Jackie Chi Kit},
  journal={EMNLP 2016},
  pages={43},
  year={2016}
}

@article{karpathy2015unreasonable,
  title={The unreasonable effectiveness of recurrent neural networks},
  author={Karpathy, Andrej},
  journal={Andrej Karpathy blog},
  year={2015}
}

@misc{karpathy2015unreasonable2,
  title = {The Unreasonable Effectiveness of Recurrent Neural Networks},
  author={Karpathy, Andrej},
  year={2015},
  howpublished = {\url{http://karpathy.github.io/2015/05/21/rnn-effectiveness/}},
  note = {Accessed: 13 March 2017}
}

@article{raghu2016expressive,
  title={On the expressive power of deep neural networks},
  author={Raghu, Maithra and Poole, Ben and Kleinberg, Jon and Ganguli, Surya and Sohl-Dickstein, Jascha},
  journal={arXiv preprint arXiv:1606.05336},
  year={2016}
}

@inproceedings{rudzewitz2016exploring,
  title={Exploring the Intersection of Short Answer Assessment, Authorship Attribution, and Plagiarism Detection},
  author={Rudzewitz, Bj{\"o}rn},
  booktitle={Proceedings of the 11th Workshop on Innovative Use of NLP for Building Educational Applications},
  pages={235},
  year={2016}
}

@article{shin2016generative,
  title={Generative Transfer Learning between Recurrent Neural Networks},
  author={Shin, Sungho and Hwang, Kyuyeon and Sung, Wonyong},
  journal={arXiv preprint arXiv:1608.04077},
  year={2016}
}

@phdthesis{spieckermann2015multi,
  title={Multi-Task and Transfer Learning with Recurrent Neural Networks.},
  author={Spieckermann, Sigurd},
  year={2015},
  school={Technical University Munich}
}

@article{zoph2016transfer,
  title={Transfer learning for low-resource neural machine translation},
  author={Zoph, Barret and Yuret, Deniz and May, Jonathan and Knight, Kevin},
  journal={arXiv preprint arXiv:1604.02201},
  year={2016}
}

@inproceedings{mueller2016siamese,
  title={Siamese Recurrent Architectures for Learning Sentence Similarity.},
  author={Mueller, Jonas and Thyagarajan, Aditya},
  booktitle={AAAI},
  pages={2786--2792},
  year={2016}
}

@book{tiflin2012lstm,
  title={LSTM recurrent neural networks for signature verification},
  author={Tiflin, Conrad and Omlin, Christian W},
  year={2012},
  publisher={Lap Lambert Academic Publ}
}

@book{luyckx2011scalability,
  title={Scalability issues in authorship attribution},
  author={Luyckx, Kim},
  year={2011},
  publisher={ASP/VUBPRESS/UPA}
}

@inproceedings{goga2013exploiting,
  title={Exploiting innocuous activity for correlating users across sites},
  author={Goga, Oana and Lei, Howard and Parthasarathi, Sree Hari Krishnan and Friedland, Gerald and Sommer, Robin and Teixeira, Renata},
  booktitle={Proceedings of the 22nd international conference on World Wide Web},
  pages={447--458},
  year={2013},
  organization={ACM}
}

@article{audhkhasi2017end,
  title={End-to-End ASR-free Keyword Search from Speech},
  author={Audhkhasi, Kartik and Rosenberg, Andrew and Sethy, Abhinav and Ramabhadran, Bhuvana and Kingsbury, Brian},
  journal={arXiv preprint arXiv:1701.04313},
  year={2017}
}

@inproceedings{mcgraw2016personalized,
  title={Personalized speech recognition on mobile devices},
  author={McGraw, Ian and Prabhavalkar, Rohit and Alvarez, Raziel and Arenas, Montse Gonzalez and Rao, Kanishka and Rybach, David and Alsharif, Ouais and Sak, Ha{\c{s}}im and Gruenstein, Alexander and Beaufays, Fran{\c{c}}oise and others},
  booktitle={Acoustics, Speech and Signal Processing (ICASSP), 2016 IEEE International Conference on},
  pages={5955--5959},
  year={2016},
  organization={IEEE}
}

@inproceedings{sutskever2011generating,
  title={Generating text with recurrent neural networks},
  author={Sutskever, Ilya and Martens, James and Hinton, Geoffrey E},
  booktitle={Proceedings of the 28th International Conference on Machine Learning (ICML-11)},
  pages={1017--1024},
  year={2011}
}

@article{mikolov2012subword,
  title={Subword language modeling with neural networks},
  author={Mikolov, Tom{\'a}{\v{s}} and Sutskever, Ilya and Deoras, Anoop and Le, Hai-Son and Kombrink, Stefan and Cernocky, Jan},
  journal={preprint (http://www. fit. vutbr. cz/imikolov/rnnlm/char. pdf)},
  year={2012}
}

@article{stamatatos2009survey,
  title={A survey of modern authorship attribution methods},
  author={Stamatatos, Efstathios},
  journal={Journal of the American Society for information Science and Technology},
  volume={60},
  number={3},
  pages={538--556},
  year={2009},
  publisher={Wiley Online Library}
}

@inproceedings{mikolov2013distributed,
  title={Distributed representations of words and phrases and their compositionality},
  author={Mikolov, Tomas and Sutskever, Ilya and Chen, Kai and Corrado, Greg S and Dean, Jeff},
  booktitle={Advances in neural information processing systems},
  pages={3111--3119},
  year={2013}
}

@article{mikolov2013efficient,
  title={Efficient estimation of word representations in vector space},
  author={Mikolov, Tomas and Chen, Kai and Corrado, Greg and Dean, Jeffrey},
  journal={arXiv preprint arXiv:1301.3781},
  year={2013}
}

@article{bagnall2015author,
  title={Author identification using multi-headed recurrent neural networks},
  author={Bagnall, Douglas},
  journal={arXiv preprint arXiv:1506.04891},
  year={2015}
}

@article{bagnall2016authorship,
  title={Authorship clustering using multi-headed recurrent neural networks},
  author={Bagnall, Douglas},
  journal={arXiv preprint arXiv:1608.04485},
  year={2016}
}


@article{gatys2015neural,
  title={A neural algorithm of artistic style},
  author={Gatys, Leon A and Ecker, Alexander S and Bethge, Matthias},
  journal={arXiv preprint arXiv:1508.06576},
  year={2015}
}

@article{yoon2017efficient,
  title={Efficient Transfer Learning Schemes for Personalized Language Modeling using Recurrent Neural Network},
  author={Yoon, Seunghyun and Yun, Hyeongu and Kim, Yuna and Park, Gyu-tae and Jung, Kyomin},
  journal={arXiv preprint arXiv:1701.03578},
  year={2017}
}

@article{chrupala2013text,
  title={Text segmentation with character-level text embeddings},
  author={Chrupa{\l}a, Grzegorz},
  journal={arXiv preprint arXiv:1309.4628},
  year={2013}
}

@article{yogatama2017generative,
  title={Generative and Discriminative Text Classification with Recurrent Neural Networks},
  author={Yogatama, Dani and Dyer, Chris and Ling, Wang and Blunsom, Phil},
  journal={arXiv preprint arXiv:1703.01898},
  year={2017}
}

@article{deng2015deep,
  title={Deep discriminative and generative models for pattern recognition},
  author={Deng, Li and Jaitly, Navdeep},
  journal={USENIX--Advanced Computing Systems Association},
  year={2015}
}

@article{abbasi2008writeprints,
  title={Writeprints: A stylometric approach to identity-level identification and similarity detection in cyberspace},
  author={Abbasi, Ahmed and Chen, Hsinchun},
  journal={ACM Transactions on Information Systems (TOIS)},
  volume={26},
  number={2},
  pages={7},
  year={2008},
  publisher={ACM}
}

@article{shrestha2017convolutional,
  title={Convolutional Neural Networks for Authorship Attribution of Short Texts},
  author={Shrestha, Prasha and Sierra, Sebastian and Gonz{\'a}lez, Fabio A and Rosso, Paolo and Montes-y-G{\'o}mez, Manuel and Solorio, Thamar},
  journal={EACL 2017},
  pages={669},
  year={2017}
}

@article{halvani2016authorship,
  title={Authorship verification for different languages, genres and topics},
  author={Halvani, Oren and Winter, Christian and Pflug, Anika},
  journal={Digital Investigation},
  volume={16},
  pages={S33--S43},
  year={2016},
  publisher={Elsevier}
}

@article{halvani2017authorship,
  title={Authorship Verification based on Compression-Models},
  author={Halvani, Oren and Winter, Christian and Graner, Lukas},
  journal={arXiv preprint arXiv:1706.00516},
  year={2017}
}


@article{riemer2017representation,
  title={Representation Stability as a Regularizer for Improved Text Analytics Transfer Learning},
  author={Riemer, Matthew and Khabiri, Elham and Goodwin, Richard},
  journal={arXiv preprint arXiv:1704.03617},
  year={2017}
}

@article{gatt2017survey,
  title={Survey of the State of the Art in Natural Language Generation: Core tasks, applications and evaluation},
  author={Gatt, Albert and Krahmer, Emiel},
  journal={arXiv preprint arXiv:1703.09902},
  year={2017}
}

@article{naaman2017learning,
  title={Learning Similarity Function for Pronunciation Variations},
  author={Naaman, Einat and Adi, Yossi and Keshet, Joseph},
  journal={arXiv preprint arXiv:1703.09817},
  year={2017}
}

@article{shen2017style,
  title={Style Transfer from Non-Parallel Text by Cross-Alignment},
  author={Shen, Tianxiao and Lei, Tao and Barzilay, Regina and Jaakkola, Tommi},
  journal={arXiv preprint arXiv:1705.09655},
  year={2017}
}

@phdthesis{liu2013probabilistic,
  title={Probabilistic siamese network for learning representations},
  author={Liu, Chen},
  year={2013},
  school={University of Toronto}
}

@article{akimushkin2017role,
  title={On the role of words in the network structure of texts: application to authorship attribution},
  author={Akimushkin, Camilo and Amancio, Diego R and Oliveira Jr, Osvaldo N},
  journal={arXiv preprint arXiv:1705.04187},
  year={2017}
}

@inproceedings{luyckx2008authorship,
  title={Authorship attribution and verification with many authors and limited data},
  author={Luyckx, Kim and Daelemans, Walter},
  booktitle={Proceedings of the 22nd International Conference on Computational Linguistics-Volume 1},
  pages={513--520},
  year={2008},
  organization={Association for Computational Linguistics}
}


@article{klimt2004enron,
  title={The enron corpus: A new dataset for email classification research},
  author={Klimt, Bryan and Yang, Yiming},
  journal={Machine learning: ECML 2004},
  pages={217--226},
  year={2004},
  publisher={Springer}
}

@inproceedings{afroz2014doppelganger,
  title={Doppelg{\"a}nger finder: Taking stylometry to the underground},
  author={Afroz, Sadia and Islam, Aylin Caliskan and Stolerman, Ariel and Greenstadt, Rachel and McCoy, Damon},
  booktitle={Security and Privacy (SP), 2014 IEEE Symposium on},
  pages={212--226},
  year={2014},
  organization={IEEE}
}

@inproceedings{stolerman2011classify,
  title={Classify, but verify: Breaking the closed-world assumption in stylometric authorship attribution},
  author={Stolerman, Ariel and Overdorf, Rebekah and Afroz, Sadia and Greenstadt, Rachel},
  booktitle={IFIP Working Group},
  volume={11},
  pages={23},
  year={2011}
}

@phdthesis{stolerman2015authorship,
 author={Stolerman, Ariel},
 advisor={Greenstadt, Rachel},
 year={2015},
 title={Authorship Verification},
 journal={ProQuest Dissertations and Theses},
 pages={146},
 note={Copyright - Copyright ProQuest, UMI Dissertations Publishing 2015; Last updated - 2015-05-12; First page - n/a},
 keywords={Applied sciences; Authorship attribution; Authorship verification; Machine learning; Stylometry; Artificial intelligence; Computer science; 0984:Computer science; 0800:Artificial intelligence},
 isbn={9781321696998},
 language={English},
 url={http://search.proquest.com/docview/1679459529?accountid=10559},
}

@inproceedings{chopra2005learning,
  title={Learning a similarity metric discriminatively, with application to face verification},
  author={Chopra, Sumit and Hadsell, Raia and LeCun, Yann},
  booktitle={Computer Vision and Pattern Recognition, 2005. CVPR 2005. IEEE Computer Society Conference on},
  volume={1},
  pages={539--546},
  year={2005},
  organization={IEEE}
}

@inproceedings{koppel2003exploiting,
  title={Exploiting stylistic idiosyncrasies for authorship attribution},
  author={Koppel, Moshe and Schler, Jonathan},
  booktitle={Proceedings of IJCAI'03 Workshop on Computational Approaches to Style Analysis and Synthesis},
  volume={69},
  pages={72},
  year={2003}
}

@inproceedings{koppel2004authorship,
  title={Authorship verification as a one-class classification problem},
  author={Koppel, Moshe and Schler, Jonathan},
  booktitle={Proceedings of the twenty-first international conference on Machine learning},
  pages={62},
  year={2004},
  organization={ACM}
}

@inproceedings{koppel2006authorship,
  title={Authorship attribution with thousands of candidate authors},
  author={Koppel, Moshe and Schler, Jonathan and Argamon, Shlomo and Messeri, Eran},
  booktitle={Proceedings of the 29th annual international ACM SIGIR conference on Research and development in information retrieval},
  pages={659--660},
  year={2006},
  organization={ACM}
}

@article{koppel2009computational,
  title={Computational methods in authorship attribution},
  author={Koppel, Moshe and Schler, Jonathan and Argamon, Shlomo},
  journal={Journal of the Association for Information Science and Technology},
  volume={60},
  number={1},
  pages={9--26},
  year={2009},
  publisher={Wiley Online Library}
}


@article{koppel2012authorship,
  title={Authorship Attribution: What's Easy and What's Hard},
  author={Koppel, Moshe and Schler, Jonathan and Argamon, Shlomo},
  journal={JL \& Pol'y},
  volume={21},
  pages={317},
  year={2012},
  publisher={HeinOnline}
}

@article{koppel2012fundamental,
  title={The “fundamental problem” of authorship attribution},
  author={Koppel, Moshe and Schler, Jonathan and Argamon, Shlomo and Winter, Yaron},
  journal={English Studies},
  volume={93},
  number={3},
  pages={284--291},
  year={2012},
  publisher={Taylor \& Francis}
}

@article{koppel2014determining,
  title={Determining if two documents are written by the same author},
  author={Koppel, Moshe and Winter, Yaron},
  journal={Journal of the Association for Information Science and Technology},
  volume={65},
  number={1},
  pages={178--187},
  year={2014},
  publisher={Wiley Online Library}
}

@inproceedings{kestemont2016authorship,
  title={Authorship Verification with the Minmax Metric},
  author={Kestemont, Mike and Stover, Justin and Koppel, Moshe and Karsdorp, Folgert and Daelemans, Walter},
  booktitle={Proceedings of the Digital Humanities 2016 conference},
  year={2016}
}

@article{myers1962myers,
  title={The Myers-Briggs Type Indicator: Manual (1962).},
  author={Myers, Isabel Briggs},
  year={1962},
  publisher={Consulting Psychologists Press}
}

@inproceedings{verhoeven2016twisty,
  title={TwiSty: A Multilingual Twitter Stylometry Corpus for Gender and Personality Profiling.},
  author={Verhoeven, Ben and Daelemans, Walter and Plank, Barbara},
  booktitle={LREC},
  year={2016}
}

@article{jhamtani2017shakespearizing,
  title={Shakespearizing Modern Language Using Copy-Enriched Sequence-to-Sequence Models},
  author={Jhamtani, Harsh and Gangal, Varun and Hovy, Eduard and Nyberg, Eric},
  journal={arXiv preprint arXiv:1707.01161},
  year={2017}
}

@book{queneau1981exercises,
  title={Exercises in style},
  author={Queneau, Raymond},
  volume={513},
  year={1981},
  publisher={New Directions Publishing}
}


@article{scikit-learn,
 title={Scikit-learn: Machine Learning in {P}ython},
 author={Pedregosa, F. and Varoquaux, G. and Gramfort, A. and Michel, V.
         and Thirion, B. and Grisel, O. and Blondel, M. and Prettenhofer, P.
         and Weiss, R. and Dubourg, V. and Vanderplas, J. and Passos, A. and
         Cournapeau, D. and Brucher, M. and Perrot, M. and Duchesnay, E.},
 journal={Journal of Machine Learning Research},
 volume={12},
 pages={2825--2830},
 year={2011}
}

@article{joachims1998text,
  title={Text categorization with support vector machines: Learning with many relevant features},
  author={Joachims, Thorsten},
  journal={Machine learning: ECML-98},
  pages={137--142},
  year={1998},
  publisher={Springer}
}


@inproceedings{Kravalova:2009:CNE:1699705.1699748,
 author = {Kravalov\'{a}, Jana and \v{Z}abokrtsk\'{y}, Zden\v{e}k},
 title = {Czech Named Entity Corpus and SVM-based Recognizer},
 booktitle = {Proceedings of the 2009 Named Entities Workshop: Shared Task on Transliteration},
 series = {NEWS '09},
 year = {2009},
 isbn = {978-1-932432-57-2},
 location = {Suntec, Singapore},
 pages = {194--201},
 numpages = {8},
 url = {http://dl.acm.org/citation.cfm?id=1699705.1699748},
 acmid = {1699748},
 publisher = {Association for Computational Linguistics},
 address = {Stroudsburg, PA, USA},
} 

@inproceedings{verhoeven2016twisty,
  title={TwiSty: A Multilingual Twitter Stylometry Corpus for Gender and Personality Profiling.},
  author={Verhoeven, Ben and Daelemans, Walter and Plank, Barbara},
  booktitle={LREC},
  year={2016}
}


@inproceedings{hurlimann2015glad,
  title={GLAD: Groningen Lightweight Authorship Detection.},
  author={H{\"u}rlimann, Manuela and Weck, Benno and van den Berg, Esther and Suster, Simon and Nissim, Malvina},
  booktitle={CLEF (Working Notes)},
  year={2015}
}

@article{diederich2003authorship,
  title={Authorship attribution with support vector machines},
  author={Diederich, Joachim and Kindermann, J{\"o}rg and Leopold, Edda and Paass, Gerhard},
  journal={Applied intelligence},
  volume={19},
  number={1},
  pages={109--123},
  year={2003},
  publisher={Springer}
}

@INPROCEEDINGS{busgeropvollenbroeck:2016,
  AUTHOR =	 {Mart {Busger op Vollenbroek} and Talvany Carlotto and Tim Kreutz and Maria Medvedeva and Chris Pool and Johannes Bjerva and Hessel Haagsma and Malvina Nissim},
  BOOKTITLE =	 {{CLEF 2016 Evaluation Labs and Workshop -- Working Notes Papers, 5-8 September, {\'E}vora, Portugal}},
  CROSSREF =	 {pan:2016},
  EDITOR =	 {Krisztian Balog and Linda Cappellato and Nicola Ferro and Craig Macdonald},
  ISBN =	 {},
  ISSN =	 {1613-0073},
  MONTH =	 sep,
  PAGES =	 {},
  PUBLISHER =	 {CEUR-WS.org},
  TITLE =	 {{GronUP: Groningen User Profiling---Notebook for PAN at CLEF 2016}},
  URL =		 {http://ceur-ws.org/Vol-1609/},
  YEAR =	 {2016},
}

@article{braud2017writing,
  title={Is writing style predictive of scientific fraud?},
  author={Braud, Chloé and Søgaard, Anders},
  journal={arXiv preprint arXiv:1707.04095},
  year={2017}
}


@article{ficler2017controlling,
  title={Controlling Linguistic Style Aspects in Neural Language Generation},
  author={Ficler, Jessica and Goldberg, Yoav},
  journal={arXiv preprint arXiv:1707.02633},
  year={2017}
}

@inproceedings{lai2015recurrent,
  title={Recurrent Convolutional Neural Networks for Text Classification.},
  author={Lai, Siwei and Xu, Liheng and Liu, Kang and Zhao, Jun},
  booktitle={AAAI},
  volume={333},
  pages={2267--2273},
  year={2015}
}

@article{goldberg2016primer,
  title={A Primer on Neural Network Models for Natural Language Processing.},
  author={Goldberg, Yoav},
  journal={J. Artif. Intell. Res.(JAIR)},
  volume={57},
  pages={345--420},
  year={2016}
}

@inproceedings{koch2015siamese,
  title={Siamese neural networks for one-shot image recognition},
  author={Koch, Gregory and Zemel, Richard and Salakhutdinov, Ruslan},
  booktitle={ICML Deep Learning Workshop},
  volume={2},
  year={2015}
}

@article{yin2016abcnn,
  title={ABCNN: Attention-Based Convolutional Neural Network for Modeling Sentence Pairs},
  author={Yin, Wenpeng and Sch{\"u}tze, Hinrich and Xiang, Bing and Zhou, Bowen},
  journal={Transactions of the Association for Computational Linguistics},
  volume={4},
  pages={259--272},
  year={2016}
}

@article{ruder2016character,
  title={Character-level and Multi-channel Convolutional Neural Networks for Large-scale Authorship Attribution},
  author={Ruder, Sebastian and Ghaffari, Parsa and Breslin, John G},
  journal={arXiv preprint arXiv:1609.06686},
  year={2016}
}

@inproceedings{ng2002discriminative,
  title={On discriminative vs. generative classifiers: A comparison of logistic regression and naive bayes},
  author={Ng, Andrew Y and Jordan, Michael I},
  booktitle={Advances in neural information processing systems},
  pages={841--848},
  year={2002}
}

@inproceedings{gatys2016image,
  title={Image style transfer using convolutional neural networks},
  author={Gatys, Leon A and Ecker, Alexander S and Bethge, Matthias},
  booktitle={Proceedings of the IEEE Conference on Computer Vision and Pattern Recognition},
  pages={2414--2423},
  year={2016}
}

@inproceedings{potthast2016wrote,
  title={Who wrote the web? Revisiting influential author identification research applicable to information retrieval},
  author={Potthast, Martin and Braun, Sarah and Buz, Tolga and Duffhauss, Fabian and Friedrich, Florian and G{\"u}lzow, J{\"o}rg Marvin and K{\"o}hler, Jakob and L{\"o}tzsch, Winfried and M{\"u}ller, Fabian and M{\"u}ller, Maike Elisa and others},
  booktitle={European Conference on Information Retrieval},
  pages={393--407},
  year={2016},
  organization={Springer}
}

@inproceedings{juola2013overview,
  title={Overview of the Author Identification Task at PAN 2013.},
  author={Juola, Patrick and Stamatatos, Efstathios},
  booktitle={CLEF (Working Notes)},
  year={2013}
}

@inproceedings{stamatatos2015overview,
  title={Overview of the Author Identification Task at PAN 2015},
  author={Stamatatos, Efstathios and Daelemans, Walter and Verhoeven, Ben and Juola, Patrick and L{\'o}pez-L{\'o}pez, Aurelio and Potthast, Martin and Stein, Benno},
  booktitle={CLEF (Working Notes)},
  pages={877--897},
  year={2014}
}

@inproceedings{stamatatos2015overview,
  title={Overview of the Author Identification Task at PAN 2015},
  author={Stamatatos, Efstathios and Daelemans, Walter and Verhoeven, Ben and Juola, Patrick and L{\'o}pez-L{\'o}pez, Aurelio and Potthast, Martin and Stein, Benno},
  booktitle={CLEF (Working Notes)},
  pages={877--897},
  year={2014}
}
and L{\'o}pez-L{\'o}pez, Aurelio and Potthast, Martin and Stein, Benno},
  booktitle={CLEF (Working Notes)},
  pages={877--897},
  year={2014}
}

@INPROCEEDINGS{stamatatos2015overview,
  AUTHOR =     {Efstathios Stamatatos and Walter Daelemans and Ben Verhoeven and Patrick Juola and Aurelio L{\'o}pez-L{\'o}pez and Martin Potthast and Benno Stein},
  BOOKTITLE =     {{CLEF 2015 Evaluation Labs and Workshop -- Working Notes Papers, 8-11 September, Toulouse, France}},
  CROSSREF =     {pan:2015},
  EDITOR =     {Linda Cappellato and Nicola Ferro and Gareth Jones and Eric {San Juan}},
  ISBN =     {},
  ISSN =     {1613-0073},
  MONTH =     sep,
  PAGES =     {},
  PUBLISHER =     {CEUR-WS.org},
  TITLE =     {{Overview of the Author Identification Task at PAN 2015}},
  URL =         {},
  YEAR =     {2015},
}


@INPROCEEDINGS{stein2016overview,
        AUTHOR             = {Efstathios Stamatatos and Michael Tschuggnall and Ben Verhoeven and Walter Daelemans and Guenther Specht and Benno Stein and Martin Potthast},
        BOOKTITLE          = {Working Notes Papers of the CLEF 2016 Evaluation Labs},
        ISSN               = {1613-0073},
        MONTH              = sep,
        PUBLISHER          = {CLEF and CEUR-WS.org},
        SERIES             = {CEUR Workshop Proceedings},
        TITLE              = {{Clustering by Authorship Within and Across Documents}},
        URL                = {http://ceur-ws.org/Vol-1609/},
        YEAR               = {2016}
}

@INPROCEEDINGS{stein2017overview,
        AUTHOR             = {Michael Tschuggnall and Efstathios Stamatatos and Ben Verhoeven and Walter Daelemans and G\"{u}nther Specht and Benno Stein and Martin Potthast},
        BOOKTITLE          = {Working Notes Papers of the CLEF 2017 Evaluation Labs},
        EDITOR             = {Linda Cappellato and Nicola Ferro and Lorraine Goeuriot and Thomad Mandl},
        ISSN               = {1613-0073},
        MONTH              = sep,
        PUBLISHER          = {CLEF and CEUR-WS.org},
        SERIES             = {CEUR Workshop Proceedings},
        SITE               = {Dublin, Ireland},
        TITLE              = {{Overview of the Author Identification Task at PAN-2017: Style Breach Detection and Author Clustering}},
        URL                = {http://ceur-ws.org/Vol-1866/},
        VOLUME             = {1866},
        YEAR               = {2017},
}

@article{houvardas2006ngram,
  title={N-gram feature selection for authorship identification},
  author={Houvardas, John and Stamatatos, Efstathios},
  journal={Artificial Intelligence: Methodology, Systems, and Applications},
  pages={77--86},
  year={2006},
  publisher={Springer}
}

@article{lewis2004rcv1,
  title={Rcv1: A new benchmark collection for text categorization research},
  author={Lewis, David D and Yang, Yiming and Rose, Tony G and Li, Fan},
  journal={Journal of machine learning research},
  volume={5},
  number={Apr},
  pages={361--397},
  year={2004}
}

@article{klimt2004enron,
  title={The enron corpus: A new dataset for email classification research},
  author={Klimt, Bryan and Yang, Yiming},
  journal={Machine learning: ECML 2004},
  pages={217--226},
  year={2004},
  publisher={Springer}
}

@inproceedings{modaresi2014language,
  title={A Language Independent Author Verifier Using Fuzzy C-Means Clustering.},
  author={Modaresi, Pashutan and Gross, Philipp},
  booktitle={CLEF (Working Notes)},
  pages={1084--1091},
  year={2014}
}

@inproceedings{cappellato2014clef,
  title={CLEF 2014 labs and workshops, notebook papers},
  author={Cappellato, Linda and Ferro, Nicola and Halvey, Martin and Kraaij, Wessel},
  booktitle={CEUR Workshop Proceedings (CEUR-WS. org), ISSN},
  pages={1613--0073},
  year={2014}
}

@inproceedings{frery2014identification,
  title={CLEF 2014 labs and workshops, notebook papers},
  author={Fr{\'e}ry, J and Largeron, C and Jugana, M},
  booktitle={CLEF (Working Notes)},
  note= {In \cite{cappellato2014clef}},
  year={2014}
}

@article{khonji2014slightly,
  title={A Slightly-modified GI-based Author-verifier with Lots of Features (ASGALF).},
  author={Khonji, Mahmoud and Iraqi, Youssef},
  journal={CLEF (Working Notes)},
  volume={1180},
  pages={977--983},
  year={2014}
}

@book{mosteller1964inference,
  title={Inference and disputed authorship: The Federalist},
  author={Mosteller, Frederick and Wallace, David},
  year={1964},
  publisher={Addison-Wesley}
}

@article{abadi2016tensorflow,
  title={Tensorflow: Large-scale machine learning on heterogeneous distributed systems},
  author={Abadi, Mart{\'\i}n and Agarwal, Ashish and Barham, Paul and Brevdo, Eugene and Chen, Zhifeng and Citro, Craig and Corrado, Greg S and Davis, Andy and Dean, Jeffrey and Devin, Matthieu and others},
  journal={arXiv preprint arXiv:1603.04467},
  year={2016}
}

@inproceedings{hadsell2006dimensionality,
  title={Dimensionality reduction by learning an invariant mapping},
  author={Hadsell, Raia and Chopra, Sumit and LeCun, Yann},
  booktitle={Computer vision and pattern recognition, 2006 IEEE computer society conference on},
  volume={2},
  pages={1735--1742},
  year={2006},
  organization={IEEE}
}

@article{robertson2004understanding,
  title={Understanding inverse document frequency: on theoretical arguments for IDF},
  author={Robertson, Stephen},
  journal={Journal of documentation},
  volume={60},
  number={5},
  pages={503--520},
  year={2004},
  publisher={Emerald Group Publishing Limited}
}

@article{basile2017ngram,
  title={N-GrAM: New Groningen Author-profiling Model},
  author={Basile, Angelo and Dwyer, Gareth and Medvedeva, Maria and Rawee, Josine and Haagsma, Hessel and Nissim, Malvina},
  journal={arXiv preprint arXiv:1707.03764},
  year={2017}
}
